@book{gao2017visual,
  author = {Gao, Xiang},
  title = {视觉SLAM十四讲},
  publisher = {电子工业出版社},
  year = {2017},
  isbn = {978-7121321910}
}
@book{gao2014numerical,
  author = {高立},
  title = {数值最优化方法},
  publisher = {北京大学出版社},
  year = {2014},
  isbn = {978-7301246450},
  series = {北京大学数学教学系列丛书}
}
@book{nuaa2023linear,
  author = {南京航空航天大学数学学院},
  title = {线性代数与解析几何},
  publisher = {高等教育出版社},
  year = {2023},
  isbn = {9787040605068}
}
@article{abdel1971direct,
  author = {Abdel-Aziz, Y. I. and Karara, H. M. and Hauck, M.},
  title = {Direct Linear Transformation from Comparator Coordinates into Object Space Coordinates in Close-Range Photogrammetry},
  journal = {Photogrammetric Engineering},
  volume = {37},
  pages = {83--91},
  year = {1971}
}
@inproceedings{triggs1999bundle,
  author = {Triggs, Bill and McLauchlan, Philip F. and Hartley, Richard I. and Fitzgibbon, Andrew W.},
  title = {Bundle Adjustment - A Modern Synthesis},
  booktitle = {Vision Algorithms: Theory and Practice},
  pages = {298--372},
  year = {1999},
  organization = {Springer},
  doi = {10.1007/3-540-44480-7_21}
}
@article{besl1992method,
  author = {Besl, Paul J. and McKay, Neil D.},
  title = {A Method for Registration of 3-D Shapes},
  journal = {IEEE Transactions on Pattern Analysis and Machine Intelligence},
  volume = {14},
  number = {2},
  pages = {239--256},
  year = {1992},
  doi = {10.1109/34.121765}
}
@inproceedings{li2013upnp,
  author = {Li, Yang and Kuang, Yubin and Sugimoto, Shigeki and Astrom, Karl and Okutomi, Masatoshi},
  title = {UPnP: An optimal O(n) solution to the absolute pose problem with universal applicability},
  booktitle = {Proceedings of the International Conference on Pattern Recognition (ICPR)},
  year = {2013},
  url = {https://link.springer.com/chapter/10.1007/978-3-319-10590-1_9}
}
@article{lepetit2009epnp,
  author = {Lepetit, Vincent and Moreno-Noguer, Francesc and Fua, Pascal},
  title = {EPnP: An accurate O(n) solution to the PnP problem},
  journal = {International Journal of Computer Vision},
  volume = {81},
  number = {2},
  pages = {578--589},
  year = {2009},
  url = {https://link.springer.com/article/10.1007/s11263-008-0195-0}
}
@article{grunert1841p3p,
  author = {Grunert, J. A.},
  title = {Das Pothenotische Problem in erweiterter Gestalt nebst über seine Anwendungen},
  journal = {Journal für die reine und angewandte Mathematik},
  volume = {25},
  pages = {238--298},
  year = {1841}
}
@article{duan2002review,
  author = {段峰 and 王耀南 and 雷晓峰 and 等},
  title = {机器视觉技术及其应用综述},
  journal = {自动化博览},
  year = {2002},
  number = {03},
  pages = {62--64}
}
@article{huang2010survey,
  author = {黄显林 and 姜肖楠 and 卢鸿谦 and 李明明},
  title = {自主视觉导航方法综述},
  journal = {吉林大学学报(信息科学版)},
  volume = {28},
  number = {02},
  pages = {158--165},
  year = {2010},
  url = {http://xuebao.jlu.edu.cn/xxb/CN/Y2010/V28/I02/158}[^69^]
}